@inproceedings{pham:2015,
  author =       {Tri Pham, Nicholas Kelling},
  title =        {Mechanical and Membrane Keyboard Typing Assessment Using Surface Electromyography (sEMG)},
  booktitle =    {Proc. of the Human Factors and Ergonomics Society},
  year =         2015,
  pages =        {912-915},
  publisher =    {SagePub},
}

@article{radwin:1999,
  title =        {{Computer key switch force-displacement characteristics and short-term effects on localized fatigue.}},
  author =       {Radwin RG, Ruffalo BA.},
  doi =          "10.1080/001401399185865",
  journal =      "Ergonomics",
  year =         1999,
  volume =       42,
  number =       1,
  pages =        "160-170"
}

@article{gerard:1999,
  title =        {{The Effects of Keyswitch Stiffness on Typing Force, Finger Electromyography, and Subjective Discomfort.}},
  author =       {Gerard MJ, Armstrong TJ, Franzblau A, Martin BJ, Rempel DM},
  doi =          "10.1080/00028899908984499",
  journal =      "American Industrial Hygiene Association Journal",
  year =         1999,
  volume =       60,
  number =       1,
  pages =        "762-769"
}

@article{martin:1996,
  title =        {{Keyboard reaction force and finger flexor electromyograms during computer keyboard work.}},
  author =       {Martin BJ, Armstrong TJ, Foulke JA, Natarajan S, Klinenberg E, Serina E, Rempel D.},
  doi =          "10.1518/001872096778827288",
  journal =      "Human Factors",
  year =         1996,
  volume =       38,
  number =       4,
  pages =        "654-664"
}

@article{rempel:1997,
  title =        {{The effect of keyboard keyswitch make force on applied force and finger flexor muscle activity.}},
  author =       {Rempel D, Serina E, Klinenberg E, Martin BJ, Armstrong TJ, Foulke JA, Natarajan S.},
  doi =          "10.1080/001401397187793",
  journal =      "Ergonomics",
  year =         1997,
  volume =       40,
  number =       8,
  pages =        "800-808"
}

@article{hughes:2011,
	  title =        {{Are there Differences in Typing Performance and Typing Forces between Short and Long travel Keyboards?}},
  author =       {Hughes M, Aulck L, Johnson PW},
  doi =          "10.1177/1071181311551198",
  journal =      "Proceedings of the Human Factors and Ergonomics Society",
  year =         2011,
  volume =       55,
  number =       1,
  pages =        "954-957"
}

@article{arif:2016,
	  title =        {{WebTEM: A Web application to record text entry metrics.}},
  author =       {Arif AS, Mazalek A},
  doi =          "10.1145/2992154.2996791",
  journal =      "2016 ACM International Conference on Interactive Surfaces and Spaces (ISS '16)",
  year =         2016,
  pages =        "415-420"
}


@PhdThesis{hoggan:2010,
  author =       {Eve Elizabeth Hoggan},
  title =        {Crossmodal Audio and Tactile Interaction with Mobile Touchscreens},
  school =       {University of Glasgow},
  year =         2010,
  address =      {Glasgow, UK},
}

@article{hoggan:2009,

  doi =          "DOI: 10.1145/1518701.1519045",
  journal =      "Proceedings of the 27th International Conference on Human Factors in Computing Systems",
  year =         2009,
  volume =       55,
  number =       1,
  pages =        "954-957"
}

@inproceedings{hoggan:2009,
  title =        {{Audio or Tactile Feedback: Which Modality When?}},
  author =       {Hoggan E, Crossan A, Brewsterl S, Kaaresoja T},
  booktitle =    {CHI 2009},
  year =         2009
}

@inproceedings{ma:2015,
  title =        {{Haptic Keyclick Feedback Improves Typing Speed and Reduces Typing Errors on a Flat Keyboard}},
  author =       {Ma Z, Edge D, Findlater L, Tan HZ},
  booktitle =    {IEEE World Haptics Conference (WHC)},
  year =         2015
}

@Misc{switch:cherry,
  author =       {Gunter Murmann, Gunter Bauer},
  title =        {US4467160A},
  howpublished = {U.S. Patent 4,467,160},
  month =        {July},
  day =          12,
  year =         1983,
}

@Misc{switch:orange,
  author =       {KAILH},
  title =        {Burnt Orange},
  howpublished = {PDF},
  month =        {July},
  day =          31,
  year =         2018,
  note =         {Retrieved October 22, 2018 from
                  \url{https://www.youtube.com/watch?v=9bZkp7q19f0https://cdn.shopify.com/s/files/1/3099/8088/files/BOX_Burnt_Orange.pdf?5816470357010718290}},
  annote =       {PDF URL}
}

@Misc{switch:navy,
  author =       {KAILH},
  title =        {Dark Blue},
  howpublished = {PDF},
  month =        {July},
  day =          31,
  year =         2018,
  note =         {Retrieved October 22, 2018 from
                  \url{https://cdn.shopify.com/s/files/1/3099/8088/files/BOX_Navy.pdf?5816470357010718290}},
  annote =       {PDF URL}
}

@Misc{ctrl:keyboard,
  author =       {Massdrop INC.},
  title =        {Massdrop CTRL Keyboard},
  howpublished = {Web},
  note =         {Retrieved November 2, 2018 from
                  \url{https://www.massdrop.com/buy/massdrop-ctrl-mechanical-keyboard}},
  annote =       {Website URL}
}
